<?xml version="1.0" encoding="UTF-8" ?><marc:collection xmlns:marc="http://www.loc.gov/MARC21/slim" xmlns:xsi="http://www.w3.org/2001/XMLSchema-instance" xsi:schemaLocation="http://www.loc.gov/MARC21/slim http://www.loc.gov/standards/marcxml/schema/MARC21slim.xsd">
<marc:record><marc:leader>01525nam a2200289 a 4500</marc:leader>
<marc:controlfield tag="001">6161</marc:controlfield>
<marc:controlfield tag="003">aeadna</marc:controlfield><marc:controlfield tag="005">20100906102900.0</marc:controlfield><marc:controlfield tag="008">991130s1949||||ua     f     a00| p|ara|u</marc:controlfield><marc:datafield tag="035" ind1=" " ind2=" "><marc:subfield code="a">(Sirsi) 6161</marc:subfield></marc:datafield><marc:datafield tag="040" ind1=" " ind2=" "><marc:subfield code="a">nal</marc:subfield><marc:subfield code="b">ara</marc:subfield><marc:subfield code="e">AACR2</marc:subfield></marc:datafield><marc:datafield tag="041" ind1="0" ind2=" "><marc:subfield code="a">ara</marc:subfield></marc:datafield><marc:datafield tag="050" ind1=" " ind2="4"><marc:subfield code="a">PJ7750.S5</marc:subfield><marc:subfield code="b">.A17 1949</marc:subfield></marc:datafield><marc:datafield tag="100" ind1="2" ind2=" "><marc:subfield code="a">الشريف الرضي، محمد بن الحسين،</marc:subfield><marc:subfield code="d">969 أو 970-1016.</marc:subfield></marc:datafield><marc:datafield tag="082" ind1="1" ind2="0"><marc:subfield code="a">811.009</marc:subfield><marc:subfield code="b">21</marc:subfield></marc:datafield><marc:datafield tag="245" ind1="1" ind2="0"><marc:subfield code="a">شرح ديوان الشريف الرضي/</marc:subfield><marc:subfield code="c"> تأليف محمد محي الدين عبدالحميد</marc:subfield></marc:datafield><marc:datafield tag="246" ind1="3" ind2="0"><marc:subfield code="a">ديوان الشريف الرضي</marc:subfield></marc:datafield><marc:datafield tag="250" ind1=" " ind2=" "><marc:subfield code="a">ط.1.</marc:subfield></marc:datafield><marc:datafield tag="260" ind1=" " ind2=" "><marc:subfield code="a">القاهرة :</marc:subfield><marc:subfield code="b"> دار إحياء الكتب العربية عيسى البابي الحلبي،</marc:subfield><marc:subfield code="c">1949 م.</marc:subfield></marc:datafield><marc:datafield tag="300" ind1=" " ind2=" "><marc:subfield code="a">ج.1 (479 ص.) ؛</marc:subfield><marc:subfield code="c">24 سم.</marc:subfield></marc:datafield><marc:datafield tag="500" ind1=" " ind2=" "><marc:subfield code="a">التعريف بالشريف الرضي: ج1: ص5-19.</marc:subfield></marc:datafield><marc:datafield tag="500" ind1=" " ind2=" "><marc:subfield code="a">ظهر على صفحة العنوان: تأليف محمد محيي الدين عبد الحميد. المؤلف المذكور قام بشرح ديوان الشريف الرضي.</marc:subfield></marc:datafield><marc:datafield tag="541" ind1=" " ind2=" "><marc:subfield code="a">هدية سمو الشيخ فالح بن ناصر آل ثاني إلى مكتبة مركز الوثائق والدراسات ابو ظبي</marc:subfield></marc:datafield><marc:datafield tag="600" ind1="2" ind2="4"><marc:subfield code="a">الشريف الرضي، محمد بن الحسين،</marc:subfield><marc:subfield code="d">969 أو 970-1016.</marc:subfield><marc:subfield code="v">دواوين و قصائد</marc:subfield></marc:datafield><marc:datafield tag="650" ind1=" " ind2="4"><marc:subfield code="a">الشعر العربي</marc:subfield><marc:subfield code="x">تاريخ ونقد</marc:subfield><marc:subfield code="y">العصر العباسي750-1258.</marc:subfield></marc:datafield><marc:datafield tag="650" ind1=" " ind2="4"><marc:subfield code="a">الشعر العربي</marc:subfield><marc:subfield code="x">دواوين وقصائد</marc:subfield></marc:datafield><marc:datafield tag="700" ind1="1" ind2=" "><marc:subfield code="a">عبد الحميد، محمد محيي الدين، شارح</marc:subfield></marc:datafield></marc:record>
</marc:collection>
